

@inproceedings{Vu2014,
 author = {Vu, Lan and Sivaraman, Hari and Bidarkar, Rishi},
 title = {GPU Virtualization for High Performance General Purpose Computing on the ESX Hypervisor},
 booktitle = {Proceedings of the High Performance Computing Symposium},
 series = {HPC '14},
 year = {2014},
 location = {Tampa, Florida},
 pages = {2:1--2:8},
 articleno = {2},
 numpages = {8},
 url = {http://dl.acm.org/citation.cfm?id=2663510.2663512},
 acmid = {2663512},
 publisher = {Society for Computer Simulation International},
 address = {San Diego, CA, USA},
 keywords = {CUDA, GPGPU, high performance computing, virtual machine, virtualization},
} 

@INPROCEEDINGS{Musleh2014cloud,
  title={{Bridging the Virtualization Performance Gap for HPC using SR-IOV for InfiniBand}},
  author={Malek Musleh and Vijay Pai and John Paul Walters and Andrew J. Younge and Stephen P. Crago},
  booktitle={Proceedings of the 7th IEEE International Conference on Cloud Computing (CLOUD 2014)},
  address = {Anchorage, AK},
  year = "{2014}",
  publisher = {IEEE},
  owner = {ajy4490},
  timestamp = {2014.04.07}
}

@INPROCEEDINGS{Walters2014cloud,
  title={{GPU-Passthrough Performance: A Comparison of KVM, Xen, VMWare ESXi, and LXC for CUDA and OpenCL Applications}},
  author={John Paul Walters and Andrew J. Younge and Dong-In Kang and Ke-Thia Yao and Mikyung Kang and Stephen P. Crago and Geoffrey C. Fox},
  booktitle={Proceedings of the 7th IEEE International Conference on Cloud Computing (CLOUD 2014)},
  address = {Anchorage, AK},
  year = "{2014}",
  publisher = {IEEE},
  owner = {ajy4490},
  timestamp = {2014.03.31}
}

@INPROCEEDINGS{Younge2014ccgrid,
  title={{Advanced Virtualization Techniques for High Performance Cloud Cyberinfrastructure}},
  author={Andrew J. Younge and Geoffrey C. Fox},
  booktitle={Doctoral Symposium at 14th IEEE/ACM International Symposium on Cluster, Cloud and Grid Computing (CCGrid 2014)},
  address = {Chicago, IL},
  month = {05/2014},
  year = "{2014}",
  organization = {IEEE},
  publisher = {IEEE},
  owner = {ajy4490},
  timestamp = {2014.03.31}
}

@INPROCEEDINGS{Younge2014hpgc,
  title={{Evaluating GPU Passthrough in Xen for High Performance Cloud Computing}},
  author={Andrew J. Younge and John Paul Walters and Stephen Crago and Geoffrey C. Fox},
  booktitle={High-Performance Grid and Cloud Computing Workshop at the 28th IEEE International Parallel and Distributed Processing Symposium},
  address = {Pheonix, AZ},
  month = {05/2014},
  year = "{2014}",
  organization = {IEEE},
  publisher = {IEEE},
  owner = {ajy4490},
  timestamp = {2014.03.31}

}

@INPROCEEDINGS{Younge2011cloud,
  author = {Andrew J. Younge and Robert Henschel and James T. Brown and Gregor
        von Laszewski and Judy Qiu and Geoffrey C. Fox},
  title = {{Analysis of Virtualization Technologies for High Performance Computing
        Environments}},
  booktitle = {Proceedings of the 4th International Conference on Cloud Computing
        (CLOUD 2011)},
  year = {2011},
  address = {Washington, DC},
  publisher = {IEEE},
  owner = {ajy4490},
  timestamp = {2011.05.16}
}



@INPROCEEDINGS{Jha2014apache,
  author    = {Shantenu Jha and
               Judy Qiu and
               Andr{\'e} Luckow and
               Pradeep Kumar Mantha and
               Geoffrey C. Fox},
  title     = {A Tale of Two Data-Intensive Paradigms: Applications, Abstractions,
               and Architectures},
  booktitle = {Proceedings of the 3rd International Congress on Big Data},
  year      = {2014},
}



@misc{sdsc2014comet,
  author = {Michael Norman and Richard Moore},
  title = {{NSF} Awards 12 Million to SDSC to Deploy Comet Supercomputer},
  howpublished = {Web page},
  Institution = {San Diego Supercomputing Center},
  year = {2013}
}


@book{pepple2011deploying,
  title={Deploying OpenStack},
  author={Pepple, Ken},
  year={2011},
  publisher={O'Reilly Media, Inc.}
}

@inproceedings{SRIOVInfiniband,
author = {Jithin Jose and Mingzhe Li and Xiaoyi Lu and Krishna Chaitanya Kandalla and Mark Daniel Arnold and Dhabaleswar K. Panda},
title = {{SR-IOV} Support for Virtualization on InfiniBand Clusters: Early Experience},
booktitle ={Cluster Computing and the Grid, IEEE International Symposium on},
year = {2013},
pages = {385-392},
}


@article{plimpton2007lammps,
  title={LAMMPS-large-scale atomic/molecular massively parallel simulator},
  author={Plimpton, S and Crozier, P and Thompson, A},
  journal={Sandia National Laboratories},
  year={2007}
}

@misc{LAMMPSGPU,
title = {{GPU} Acceleration in {LAMMPS}},
howpublished = "\url{http://lammps.sandia.gov/workshops/Aug11/Brown/brown11.pdf}",
note = "[Online; accessed Jan. 2, 2014]",
author = "W. Michael Brown"
}

@misc{GPUDirect,
title = {{NVIDIA GPUDirect}},
howpublished = "\url{https://developer.nvidia.com/gpudirect}",
note = "[Online; accessed Nov. 24, 2014]",
} 


@article{Armbrust2010,
 author = {Armbrust, Michael and Fox, Armando and Griffith, Rean and Joseph, Anthony D. and Katz, Randy and Konwinski, Andy and Lee, Gunho and Patterson, David and Rabkin, Ariel and Stoica, Ion and Zaharia, Matei},
 title = {A View of Cloud Computing},
 journal = {Commun. ACM},
 issue_date = {April 2010},
 volume = {53},
 number = {4},
 month = apr,
 year = {2010},
 issn = {0001-0782},
 pages = {50--58},
 numpages = {9},
 acmid = {1721672},
 publisher = {ACM},
 address = {New York, NY, USA},
} 


@inproceedings{anderson2010hoomd,
  title={HOOMD-blue, general-purpose many-body dynamics on the GPU},
  author={Anderson, Joshua and Keys, Aaron and Phillips, Carolyn and Dac Nguyen, Trung and Glotzer, Sharon},
  booktitle={APS Meeting Abstracts},
  volume={1},
  pages={18008},
  year={2010}
}

